@inproceedings{taubin1995curve,
  title={Curve and surface smoothing without shrinkage},
  author={Taubin, Gabriel},
  booktitle={Computer Vision, 1995. Proceedings., Fifth International Conference on},
  pages={852--857},
  year={1995},
  organization={IEEE}
}

@article{hazanee2013inverse,
  title={An inverse time-dependent source problem for the heat equation},
  author={Hazanee, A and Ismailov, MI and Lesnic, D and Kerimov, NB},
  journal={Applied Numerical Mathematics},
  volume={69},
  pages={13--33},
  year={2013},
  publisher={Elsevier}
}