@article{nora2012spatial,
  title={Spatial partitioning of the regulatory landscape of the X-inactivation centre},
  author={Nora, Elph{\`e}ge P and Lajoie, Bryan R and Schulz, Edda G and Giorgetti, Luca and Okamoto, Ikuhiro and Servant, Nicolas and Piolot, Tristan and van Berkum, Nynke L and Meisig, Johannes and Sedat, John and others},
  journal={Nature},
  volume={485},
  number={7398},
  pages={381--385},
  year={2012},
  publisher={Nature Publishing Group}
}

@article{dekker2002capturing,
  title={Capturing chromosome conformation},
  author={Dekker, Job and Rippe, Karsten and Dekker, Martijn and Kleckner, Nancy},
  journal={science},
  volume={295},
  number={5558},
  pages={1306--1311},
  year={2002},
  publisher={American Association for the Advancement of Science}
  }
  
  @article{dostie2006chromosome,
    title={Chromosome Conformation Capture Carbon Copy (5C): a massively parallel solution for mapping interactions between genomic elements},
    author={Dostie, Jos{\'e}e and Richmond, Todd A and Arnaout, Ramy A and Selzer, Rebecca R and Lee, William L and Honan, Tracey A and Rubio, Eric D and Krumm, Anton and Lamb, Justin and Nusbaum, Chad and others},
    journal={Genome research},
    volume={16},
    number={10},
    pages={1299--1309},
    year={2006},
    publisher={Cold Spring Harbor Lab}
    }
    
    @article{dekker2013exploring,
      title={Exploring the three-dimensional organization of genomes: interpreting chromatin interaction data},
      author={Dekker, Job and Marti-Renom, Marc A and Mirny, Leonid A},
      journal={Nature Reviews Genetics},
      volume={14},
      number={6},
      pages={390--403},
      year={2013},
      publisher={Nature Publishing Group}
    }
    
    
    @article{giorgetti2014predictive,
      title={Predictive polymer modeling reveals coupled fluctuations in chromosome conformation and transcription},
      author={Giorgetti, Luca and Galupa, Rafael and Nora, Elph{\`e}ge P and Piolot, Tristan and Lam, France and Dekker, Job and Tiana, Guido and Heard, Edith},
      journal={Cell},
      volume={157},
      number={4},
      pages={950--963},
      year={2014},
      publisher={Elsevier}
    }
    
    @article{de2012decade,
      title={A decade of 3C technologies: insights into nuclear organization},
      author={de Wit, Elzo and de Laat, Wouter},
      journal={Genes \& development},
      volume={26},
      number={1},
      pages={11--24},
      year={2012},
      publisher={Cold Spring Harbor Lab}
    }