@article {Nora2012,
	title = {Spatial partitioning of the regulatory landscape of the X-inactivation centre.},
	journal = {Nature},
	volume = {485},
	year = {2012},
	month = {2012 May 17},
	pages = {381-5},
	issn = {1476-4687},
	doi = {10.1038/nature11049},
	author = {Nora, Elph{\`e}ge P and Lajoie, Bryan R and Schulz, Edda G and Giorgetti, Luca and Okamoto, Ikuhiro and Servant, Nicolas and Piolot, Tristan and van Berkum, Nynke L and Meisig, Johannes and Sedat, John and Gribnau, Joost and Barillot, Emmanuel and Bl{\"u}thgen, Nils and Dekker, Job and Heard, Edith}
}

@article{Giorgetti2014,
    author = {Giorgetti, Luca and Galupa, Rafael and Nora, Elph\`{e}ge P. and Piolot, Tristan and Lam, France and Dekker, Job and Tiana, Guido and Heard, Edith},
    citeulike-article-id = {13166003},
    citeulike-linkout-0 = {http://dx.doi.org/10.1016/j.cell.2014.03.025},
    doi = {10.1016/j.cell.2014.03.025},
    issn = {00928674},
    journal = {Cell},
    keywords = {5c, mutation},
    month = may,
    number = {4},
    pages = {950--963},
    posted-at = {2014-05-12 19:23:47},
    priority = {2},
    title = {Predictive Polymer Modeling Reveals Coupled Fluctuations in Chromosome Conformation and Transcription},
    url = {http://dx.doi.org/10.1016/j.cell.2014.03.025},
    volume = {157},
    year = {2014}
}