@article {Nora2012,
	title = {Spatial partitioning of the regulatory landscape of the X-inactivation centre.},
	journal = {Nature},
	volume = {485},
	year = {2012},
	month = {2012 May 17},
	pages = {381-5},
	issn = {1476-4687},
	doi = {10.1038/nature11049},
	author = {Nora, Elph{\`e}ge P and Lajoie, Bryan R and Schulz, Edda G and Giorgetti, Luca and Okamoto, Ikuhiro and Servant, Nicolas and Piolot, Tristan and van Berkum, Nynke L and Meisig, Johannes and Sedat, John and Gribnau, Joost and Barillot, Emmanuel and Bl{\"u}thgen, Nils and Dekker, Job and Heard, Edith}
}

@article{Giorgetti2014,
    author = {Giorgetti, Luca and Galupa, Rafael and Nora, Elph\`{e}ge P. and Piolot, Tristan and Lam, France and Dekker, Job and Tiana, Guido and Heard, Edith},
    citeulike-article-id = {13166003},
    citeulike-linkout-0 = {http://dx.doi.org/10.1016/j.cell.2014.03.025},
    doi = {10.1016/j.cell.2014.03.025},
    issn = {00928674},
    journal = {Cell},
    keywords = {5c, mutation},
    month = may,
    number = {4},
    pages = {950--963},
    posted-at = {2014-05-12 19:23:47},
    priority = {2},
    title = {Predictive Polymer Modeling Reveals Coupled Fluctuations in Chromosome Conformation and Transcription},
    url = {http://dx.doi.org/10.1016/j.cell.2014.03.025},
    volume = {157},
    year = {2014}
}

@article{jhunjhunwala20083d,
  title={The 3D structure of the immunoglobulin heavy-chain locus: implications for long-range genomic interactions},
  author={Jhunjhunwala, Suchit and van Zelm, Menno C and Peak, Mandy M and Cutchin, Steve and Riblet, Roy and van Dongen, Jacques JM and Grosveld, Frank G and Knoch, Tobias A and Murre, Cornelis},
  journal={Cell},
  volume={133},
  number={2},
  pages={265--279},
  year={2008},
  publisher={Elsevier}
}

@article{cremer2001chromosome,
  title={Chromosome territories, nuclear architecture and gene regulation in mammalian cells},
  author={Cremer, Thomas and Cremer, Christoph},
  journal={Nature reviews genetics},
  volume={2},
  number={4},
  pages={292--301},
  year={2001},
  publisher={Nature Publishing Group}
}

    @article{dekker2013exploring,
      title={Exploring the three-dimensional organization of genomes: interpreting chromatin interaction data},
      author={Dekker, Job and Marti-Renom, Marc A and Mirny, Leonid A},
      journal={Nature Reviews Genetics},
      volume={14},
      number={6},
      pages={390--403},
      year={2013},
      publisher={Nature Publishing Group}
    }