@book{lin2011polymer,
  title={Polymer Viscoelasticity: Basics, Molecular Theories, Experiments and Simulations},
  author={Lin, Y-H},
  year={2011},
  publisher={World Scientific}
}